<record><leader>00000cas a22000007a 4500</leader><controlfield tag="001">20576917</controlfield><controlfield tag="008">891031d18uu19uulauwr ne      0    0eng d</controlfield><datafield ind1=" " ind2=" " tag="010"><subfield code="a">sn 89059416 </subfield></datafield><datafield ind1=" " ind2=" " tag="040"><subfield code="a">LNP</subfield><subfield code="b">eng</subfield><subfield code="c">LNP</subfield><subfield code="d">OCLCQ</subfield></datafield><datafield ind1=" " ind2=" " tag="042"><subfield code="a">msc</subfield></datafield><datafield ind1="0" ind2=" " tag="130"><subfield code="a">Free state (Many, La.)</subfield></datafield><datafield ind1="1" ind2="4" tag="245"><subfield code="a">The free state.</subfield></datafield><datafield ind1="1" ind2="3" tag="246"><subfield code="a">Sabine free state</subfield></datafield><datafield ind1=" " ind2=" " tag="260"><subfield code="a">Many, Sabine Parish, La. :</subfield><subfield code="b">A. Tetts</subfield></datafield><datafield ind1=" " ind2=" " tag="300"><subfield code="a">v.</subfield></datafield><datafield ind1=" " ind2=" " tag="310"><subfield code="a">Weekly</subfield></datafield><datafield ind1=" " ind2=" " tag="588"><subfield code="a">Description based on: Vol. 3, no. 4 (Jan. 25, 1900).</subfield></datafield><datafield ind1=" " ind2=" " tag="752"><subfield code="a">United States</subfield><subfield code="b">Louisiana</subfield><subfield code="c">Sabine</subfield><subfield code="d">Many.</subfield></datafield></record>